
@book{Janicic,
  title={{Programiranje 1:  Osnove programiranja kroz programski jezik C}},
  author={Predrag Janičić, Filip Marić},
  url={http://poincare.matf.bg.ac.rs/~janicic//books/p1.pdf},
  year={2018},
  publisher={Matematički fakultet, Univerzitet u Beogradu},
}

@book{Zivkovic,
  title={{Algoritmi}},
  author={Miodrag Živković},
  url={http://poincare.matf.bg.ac.rs/~ezivkovm/nastava/algoritmi.pdf},
  publisher={Matematički fakultet, Univerzitet u Beogradu},
}


@misc{gcc,
title = {{GNU gcc}},
note = {on-line at: \url{http://gcc.gnu.org/}},
    author = {Free Software Foundation},
    year = {2013}
}


@article{haltingproblem,
    author = {Turing, A. M.},
    citeulike-article-id = {155758},
    journal = {Proceedings of the London Mathematical Society},
    keywords = {computability, entscheidungsproblem, turing},
    number = {42},
    pages = {230--265},
    posted-at = {2005-04-08 18:11:59},
    priority = {0},
    title = {{On Computable Numbers, with an application to the Entscheidungsproblem}},
    volume = {2},
    year = {1936}
}

